@article{graham2000chaoticity,
  title={Chaoticity on path space for a queueing network with selection of the shortest queue among several},
  author={Graham, Carl},
  journal={Journal of Applied Probability},
  volume={37},
  number={01},
  pages={198--211},
  year={2000},
  publisher={Cambridge Univ Press}
}

@article{turner1998effect,
 title={The effect of increasing routing choice on resource pooling},
 author={Turner, Stephen RE},
 journal={Probability in the Engineering and Informational Sciences},
 volume={12},
 number={01},
 pages={109--124},
 year={1998},
 publisher={Cambridge Univ Press}
}
@inproceedings{gast2016_1/N,
  title={Expected values estimated via mean-field approximation are
                  1/N-accurate},
  author={Gast, Nicolas},
  booktitle={Proceedings of the 2017 ACM SIGMETRICS},
  year={2017},
  organization={ACM},
  url={https://github.com/ngast/meanFieldAccuracy}
}


@article{luczak2006maximum,
  title={On the maximum queue length in the supermarket model},
  author={Luczak, Malwina J and McDiarmid, Colin},
  journal={The Annals of Probability},
  pages={493--527},
  year={2006},
  publisher={JSTOR}
}
@article{luczak2007asymptotic,
  title={Asymptotic distributions and chaos for the supermarket model},
  author={Luczak, Malwina J and McDiarmid, Colin},
  journal={arXiv preprint arXiv:0712.2091},
  year={2007},
  publisher={Citeseer}
}

@article{cho2010validity,
  title={On the validity of the fixed point equation and decoupling assumption for analyzing the 802.11 mac protocol},
  author={Cho, Jeong-woo and Le Boudec, Jean-Yves and Jiang, Yuming},
  journal={ACM SIGMETRICS Performance Evaluation Review},
  volume={38},
  number={2},
  pages={36--38},
  year={2010},
  publisher={ACM}
}
@article{eschenfeldt2016supermarket,
  title={Supermarket queueing system in the heavy traffic regime. Short queue dynamics},
  author={Eschenfeldt, Patrick and Gamarnik, David},
  journal={arXiv preprint arXiv:1610.03522},
  year={2016}
}
@article{stein1986approximate,
  title={Approximate computation of expectations},
  author={Stein, Charles},
  journal={Lecture Notes-Monograph Series},
  volume={7},
  pages={i--164},
  year={1986},
  publisher={JSTOR}
}

@inproceedings{shah2014performance,
  title={Performance evaluation and asymptotics for content delivery networks},
  author={Shah, Virag and de Veciana, Gustavo},
  booktitle={IEEE INFOCOM 2014-IEEE Conference on Computer Communications},
  pages={2607--2615},
  year={2014},
  organization={IEEE}
}
@article{bortolussi2013bounds,
  title={Bounds on the deviation of discrete-time Markov chains from their mean-field model},
  author={Bortolussi, Luca and Hayden, Richard A},
  journal={Performance Evaluation},
  volume={70},
  number={10},
  pages={736--749},
  year={2013},
  publisher={Elsevier}
}
@article{cecchi2015mean,
  title={Mean-field analysis of ultra-dense csma networks},
  author={Cecchi, F and Borst, SC and van Leeuwaarden, JSH},
  journal={ACM SIGMETRICS Performance Evaluation Review},
  volume={43},
  number={2},
  pages={13--15},
  year={2015},
  publisher={ACM}
}
@article{baccelli1992mean,
  title={A mean-field limit for a class of queueing networks},
  author={Baccelli, F and Karpelevich, FI and Kelbert, M Ya and Puhalskii, AA and Rybko, AN and Suhov, Yu M},
  journal={Journal of statistical physics},
  volume={66},
  number={3-4},
  pages={803--825},
  year={1992},
  publisher={Springer}
}
@article{lu2011join,
  title={Join-Idle-Queue: A novel load balancing algorithm for dynamically scalable web services},
  author={Lu, Yi and Xie, Qiaomin and Kliot, Gabriel and Geller, Alan and Larus, James R and Greenberg, Albert},
  journal={Performance Evaluation},
  volume={68},
  number={11},
  pages={1056--1071},
  year={2011},
  publisher={Elsevier}
}
@article{tsitsiklis2011power,
  title={On the power of (even a little) centralization in distributed processing},
  author={Tsitsiklis, John N and Xu, Kuang},
  journal={ACM SIGMETRICS Performance Evaluation Review},
  volume={39},
  number={1},
  pages={121--132},
  year={2011},
  publisher={ACM}
}

@article{ying2016twochoice,
  author    = {Lei Ying},
  title     = {On the Rate of Convergence of the Power-of-Two-Choices to its Mean-Field
               Limit},
  journal   = {CoRR},
  volume    = {abs/1605.06581},
  year      = {2016},
  url       = {http://arxiv.org/abs/1605.06581},
  timestamp = {Wed, 01 Jun 2016 15:51:08 +0200},
  biburl    = {http://dblp.uni-trier.de/rec/bib/journals/corr/Ying16},
  bibsource = {dblp computer science bibliography, http://dblp.org}
}
@unpublished{gast2016working2,
  title={Differentiability of the Solution of a Poisson Equation
  Associated to an ODE},
author={Gast, Nicolas},
year={2016},
note={working paper}
}
@unpublished{gast2016working,
title={The Rate of Convergence of Mean-field Approximation is 1/N},
author={Gast, Nicolas},
year={2016},
note={working paper}
}
@article{khalil2002nonlinear,
  title={Nonlinear Systems},
  author={Khalil, Hassan},
  year={2002},
  publisher={Prentice Hall}
}

@phdthesis{mitzenmacher1996power,
  title={The Power of Two Random Choices in Randomized Load Balancing},
  author={Mitzenmacher, Michael David},
  year={1996},
  school={PhD thesis, Graduate Division of the University of California at Berkley}
}

@article{mitzenmacher2001power,
  title={The power of two choices in randomized load balancing},
  author={Mitzenmacher, Michael},
  journal={IEEE Transactions on Parallel and Distributed Systems},
  volume={12},
  number={10},
  pages={1094--1104},
  year={2001},
  publisher={IEEE}
}
@article{vvedenskaya1996queueing,
  title={Queueing system with selection of the shortest of two queues: An asymptotic approach},
  author={Vvedenskaya, Nikita Dmitrievna and Dobrushin, Roland L'vovich and Karpelevich, Fridrikh Izrailevich},
  journal={Problemy Peredachi Informatsii},
  volume={32},
  number={1},
  pages={20--34},
  year={1996},
  publisher={Russian Academy of Sciences, Branch of Informatics, Computer Equipment and Automatization}
}

@book{eldering2013normally,
  title={Normally Hyperbolic Invariant Manifoldsâ€”the Noncompact Case
                  (Atlantis Series in Dynamical Systems vol 2)},
  author={Eldering, Jaap},
  year={2013},
  publisher={Berlin: Springer}
}
@article{gast2010mean,
 author = {Gast, Nicolas and Bruno, Gaujal},
 title = {A Mean Field Model of Work Stealing in Large-scale Systems},
 journal = {SIGMETRICS Perform. Eval. Rev.},
 issue_date = {June 2010},
 volume = {38},
 number = {1},
 month = jun,
 year = {2010},
 issn = {0163-5999},
 pages = {13--24},
 numpages = {12},
 url = {http://doi.acm.org/10.1145/1811099.1811042},
 doi = {10.1145/1811099.1811042},
 acmid = {1811042},
 publisher = {ACM},
 address = {New York, NY, USA},
 keywords = {grid computing, load balancing, mean field},
}

@inproceedings{gast2015transient,
  title={Transient and steady-state regime of a family of list-based cache replacement algorithms},
  author={Gast, Nicolas and Van Houdt, Benny},
  booktitle={Proceedings of the 2015 ACM SIGMETRICS International Conference on Measurement and Modeling of Computer Systems},
  pages={123--136},
  year={2015},
  organization={ACM}
}

@book{cartan1977cours,
  title={Cours de calcul diff{\'e}rentiel},
  author={Cartan, Henri},
  year={1977},
  publisher={Hermann}
}

@article{che1,
 author = {H. Che and Y. Tung and Z. Wang},
 title = {Hierarchical Web caching systems: modeling, design and experimental results},
 journal = {IEEE J.Sel. A. Commun.},
 issue_date = {Sept, 2002},
 volume = {20},
 number = {7},
 year = {2002},
 pages = {1305-1314},
} 

@article{kurtz1978strong,
  title={Strong approximation theorems for density dependent Markov chains},
  author={Kurtz, Thomas G},
  journal={Stochastic Processes and Their Applications},
  volume={6},
  number={3},
  pages={223--240},
  year={1978},
  publisher={Elsevier}
}
@article{kolokoltsov2011mean,
  title={Mean field games and nonlinear Markov processes},
  author={Kolokoltsov, Vassili N and Li, Jiajie and Yang, Wei},
  journal={arXiv preprint arXiv:1112.3744},
  year={2011}
}

@article{kurtz70,
        title = {Solutions of {Ordinary} {Differential} {Equations} as {Limits} of {Pure} {Jump} {Markov} {Processes}},
        volume = {7},
        journal = {Journal of Applied Probability},
        author = {Kurtz, Thomas G},
        year = {1970},
        pages = {49--58}
}
@inproceedings{ying2016rate,
  title={On the Approximation Error of Mean-Field Models},
  author={Ying, Lei},
  booktitle={Proceedings of the 2016 ACM SIGMETRICS International Conference on Measurement and Modeling of Computer Science},
  pages={285--297},
  year={2016},
  organization={ACM}
}


@article{ying2015rate,
  title={On the Rate of Convergence of Mean-Field Models: Stein's Method Meets the Perturbation Theory},
  author={Ying, Lei},
  journal={arXiv preprint arXiv:1510.00761},
  year={2015}
}

@article{minnebo2014fair,
  title={A fair comparison of pull and push strategies in large distributed networks},
  author={Minnebo, Wouter and Van Houdt, Benny},
  journal={IEEE/ACM Transactions on Networking (TON)},
  volume={22},
  number={3},
  pages={996--1006},
  year={2014},
  publisher={IEEE Press}
}

@inproceedings{van2013mean,
  title={A mean field model for a class of garbage collection algorithms in flash-based solid state drives},
  author={Van Houdt, Benny},
  booktitle={ACM SIGMETRICS Performance Evaluation Review},
  volume={41},
  number={1},
  pages={191--202},
  year={2013},
  organization={ACM}
}


@article{chaintreau2009age,
 author = {Chaintreau, Augustin and Le Boudec, Jean-Yves and Ristanovic, Nikodin},
 title = {The Age of Gossip: Spatial Mean Field Regime},
 journal = {SIGMETRICS Perform. Eval. Rev.},
 issue_date = {June 2009},
 volume = {37},
 number = {1},
 month = jun,
 year = {2009},
 issn = {0163-5999},
 pages = {109--120},
 numpages = {12},
 url = {http://doi.acm.org/10.1145/2492101.1555363},
 doi = {10.1145/2492101.1555363},
 acmid = {1555363},
 publisher = {ACM},
 address = {New York, NY, USA},
 keywords = {dynamic content, epidemic, gossip, infrastructure deployment, mean field, updates},
} 

@article{benaim2008class,
  title={A class of mean field interaction models for computer and communication systems},
  author={Benaim, Michel and Le Boudec, Jean-Yves},
  journal={Performance Evaluation},
  volume={65},
  number={11},
  pages={823--838},
  year={2008},
  publisher={Elsevier}
}


@article{roth2013stochastic,
  title={Stochastic approximations with constant step size and differential inclusions},
  author={Roth, Gr{\'e}gory and Sandholm, William H},
  journal={SIAM Journal on Control and Optimization},
  volume={51},
  number={1},
  pages={525--555},
  year={2013},
  publisher={SIAM}
}

@article{gast2012markov,
  title={Markov chains with discontinuous drifts have differential inclusion limits},
  author={Gast, Nicolas and Gaujal, Bruno},
  journal={Performance Evaluation},
  volume=69,
  number=12,
  pages={623--642},
  year=2012,
  publisher={Elsevier}
}
